<?xml version='1.0' encoding='UTF-8'?>
<record xmlns="http://www.loc.gov/MARC21/slim">
  <leader>01486cam a2200277 a 4500</leader>
  <controlfield tag="001">399433</controlfield>
  <controlfield tag="003">NjP</controlfield>
  <controlfield tag="005">20170905102631.0</controlfield>
  <controlfield tag="008">870923m19839999ir a     b    00010 ara d</controlfield>
  <datafield tag="024" ind1="7" ind2=" ">
    <subfield code="a">princeton_aco001696</subfield>
    <subfield code="2">local</subfield>
  </datafield>
  <datafield ind1=" " ind2=" " tag="035">
    <subfield code="a">(OCoLC)22319954</subfield>
  </datafield>
  <datafield ind1=" " ind2=" " tag="035">
    <subfield code="a">(CStRLIN)NJPG87-B46589</subfield>
  </datafield>
  <datafield ind1=" " ind2=" " tag="035">
    <subfield code="9">ABX4929TS</subfield>
  </datafield>
  <datafield ind1=" " ind2=" " tag="035">
    <subfield code="a">399433</subfield>
  </datafield>
  <datafield ind1=" " ind2=" " tag="040">
    <subfield code="a">NjP</subfield>
    <subfield code="c">NjP</subfield>
  </datafield>
  <datafield ind1="2" ind2=" " tag="100">
    <subfield code="a">Kāẓimī al-Khurāsānī, Muḥammad ʻAlī,</subfield>
    <subfield code="d">d. 1945 or 6.</subfield>
  </datafield>
  <datafield ind1="1" ind2="0" tag="245">
    <subfield code="a">Fawāʼid al-uṣūl :</subfield>
    <subfield code="b">min ifādāt qudwat al-fuqahāʼ wa-al-mujtahidīn wa-khātim al-uṣūlīyīn Āyat Allāh fī al-Arḍ al-Mīrzā Muḥammad Ḥusayn al-Gharawī al-Nāʼīnī /</subfield>
    <subfield code="c">taʼlīf Muḥammad ʻAlī al-Kāẓimī al-Khurāsānī.</subfield>
  </datafield>
  <datafield ind1=" " ind2=" " tag="260">
    <subfield code="a">Qum :</subfield>
    <subfield code="b">Muʼassasat al-Nashr al-Islāmī al-Tābiʻah li-Jamāʻat al-Mudarrisīn,</subfield>
    <subfield code="c">1404- [1983 or 1984- ]</subfield>
  </datafield>
  <datafield ind1=" " ind2=" " tag="300">
    <subfield code="a">v. :</subfield>
    <subfield code="b">ill. ;</subfield>
    <subfield code="c">25 cm.</subfield>
  </datafield>
  <datafield ind1=" " ind2=" " tag="504">
    <subfield code="a">Includes bibliographical references.</subfield>
  </datafield>
  <datafield ind1=" " ind2=" " tag="500">
    <subfield code="a">Vol. 2 &amp; 4edited by Raḥmat Allāh Raḥmatī al-Arākī, with commentary by Ḍiyāʼ al-Dīn al-ʻIrāqī.</subfield>
  </datafield>
  <datafield ind1="1" ind2="0" tag="600">
    <subfield code="a">Gharawī al-Nāʼīnī, Muḥammad Ḥusayn,</subfield>
    <subfield code="d">-1936 or 1937.</subfield>
    <subfield code="0">http://id.loc.gov/authorities/names/nr89016430</subfield>
  </datafield>
  <datafield ind1=" " ind2="0" tag="650">
    <subfield code="a">Islamic law</subfield>
    <subfield code="x">Interpretation and construction.</subfield>
    <subfield code="0">http://id.loc.gov/authorities/subjects/sh85068455</subfield>
  </datafield>
  <datafield ind1="1" ind2=" " tag="700">
    <subfield code="a">ʻIrāqī, Ḍiyāʼ al-Dīn.</subfield>
  </datafield>
  <datafield ind1="1" ind2=" " tag="700">
    <subfield code="a">Arākī, Raḥmat Allāh Raḥmatī.</subfield>
  </datafield>
  <datafield ind1=" " ind2=" " tag="998">
    <subfield code="a">11/20/90</subfield>
    <subfield code="s">9118</subfield>
    <subfield code="n">NjP</subfield>
    <subfield code="w">NJPG87B46589</subfield>
    <subfield code="d">09/23/87</subfield>
    <subfield code="c">KVV</subfield>
    <subfield code="b">CS</subfield>
    <subfield code="i">901120</subfield>
    <subfield code="l">NJPG</subfield>
  </datafield>
  <datafield ind1=" " ind2=" " tag="911">
    <subfield code="a">19921028</subfield>
  </datafield>
  <datafield ind1=" " ind2=" " tag="912">
    <subfield code="a">19910104000000.0</subfield>
  </datafield>
  <datafield ind1="8" ind2="1" tag="852">
    <subfield code="0">435521</subfield>
    <subfield code="b">nec</subfield>
    <subfield code="t">1</subfield>
    <subfield code="h">KBL</subfield>
    <subfield code="i">.K39</subfield>
  </datafield>
  <datafield ind1=" " ind2="0" tag="866">
    <subfield code="0">435521</subfield>
    <subfield code="8">0</subfield>
    <subfield code="a">vol. 1, 3-4</subfield>
  </datafield>
  <datafield ind1=" " ind2="0" tag="866">
    <subfield code="0">435521</subfield>
    <subfield code="8">0</subfield>
    <subfield code="x">ADD AS: vol.</subfield>
  </datafield>
  <datafield ind1=" " ind2=" " tag="959">
    <subfield code="a">2000-06-13 00:00:00 -0500</subfield>
  </datafield>
</record>
